



@article{jain2014angularjs,
  title={AngularJS: A modern MVC framework in JavaScript},
  author={Jain, Nilesh and Bhansali, Ashok and Mehta, Deepak},
  journal={Journal of Global Research in Computer Science},
  volume={5},
  number={12},
  pages={17--23},
  year={2014}
}

@book{springboot,
    author = {Marten Deinum},
    title = {Sptring Boot 3 Recipes},
    publisher = {Apress Berkeley, CA},
    year = {2024}
}
